@Misc{Acrobat7,
  title = {{Adobe Acrobat Reader 7}},
  howpublished = {\url{http://www.adobe.com/products/acrobat/}},
}

@Article{Anderson92,
  author    = {Anderson, R. E.},
  title     = {Social impacts of computing: Codes of professional ethics},
  journal   = {Social Science Computing Review},
  year      = {1992},
  volume    = {10},
  number    = {2},
  pages     = {453--469},
}

@Misc{ACMCCS,
  title = {How to Classify Works Using {ACM}'s Computing Classification System},
  howpublished = {\url{http://www.acm.org/class/how_to_use.html}},
}

@InProceedings{Klemmer02,
  author    = {Klemmer, R. S. and Thomsen, M. and Phelps-Goodman, E. and Lee, R. and Landay, J. A.},
  title     = {Where do web sites come from? Capturing and interacting with design history},
  booktitle = {Proc. CHI},
  publisher = {ACM Press},
  year      = {2002},
  pages     = {1--8},
}

@InProceedings{Mather00,
  author    = {Mather, B. D.},
  title     = {Making up titles for conference papers},
  booktitle = {Ext. Abstracts CHI},
  publisher = {ACM Press},
  year      = {2000},
  pages     = {1--2},
}

@Book{Schwartz95,
  author    = {Schwartz, M.},
  title     = {Guidelines for Bias-Free Writing},
  publisher = {Indiana University Press},
  address   = {Bloomington, IN, USA},
  year      = {1995},
}

@InProceedings{Zellweger01,
  author    = {Zellweger, P. T. and Bouvin, N. O. and Jeh{\o}j, H. and Mackinlay, J. D.},
  title     = {Fluid Annotations in an Open World},
  booktitle = {Proc. Hypertext},
  publisher = {ACM Press},
  year      = {2001},
  pages     = {9--18},
}

